% This file was created with JabRef 2.10.
% Encoding: Cp1252


@String { acm      = {ACM press} }
@String { addct    = {Automated Deduction: Decidability, Complexity, Tractability (ADDCT)} }
@String { cade     = {Proc. Conference on Automated Deduction (CADE)} }
@String { cav      = {Computer Aided Verification (CAV)} }
@String { cp       = {Principles and Practice of Constraint Programming
 (CP)} }
@String { csl      = {Computer Science Logic (CSL)} }
@String { dac      = {Design Automation Conference (DAC)} }
@String { entcs    = {Electronic Notes in Theoretical Computer Science} }
@String { esop     = {European Symposium on Programming (ESOP)} }
@String { fm       = {Formal Methods (FM)} }
@String { fmcad    = {Formal Methods In Computer-Aided Design (FMCAD)} }
@String { frocos   = {Frontiers of Combining Systems ({FroCoS})} }
@String { iccad    = {{IEEE} International Conference on Computer-Aided
 Design (ICCAD)} }
@String { ictac    = {International Conference on Theoretical
 Aspects of Computing (ICTAC)} }
@String { ieee     = {IEEE Computer Society} }
@String { ifm      = {Integrated Formal Methods (IFM)} }
@String { ijcar    = {International Joint Conference on Automated Reasoning
 (IJCAR)} }
@String { j-jucs   = {Journal of Universal Computer Science} }
@String { jacm     = {Journal of the ACM} }
@String { jar      = {Journal of Automated Reasoning} }
@String { jelia    = {Proc. European Conference Logics in Artificial Intelligence (JELIA)} }
@String { lics     = {Logic In Computer Science (LICS)} }
@String { lnai     = {Lecture Notes in Artificial Intelligence} }
@String { lncs     = {Lecture Notes in Computer Science} }
@String { lpar     = {Logic for Programming, Artificial Intelligence, and
 Reasoning (LPAR)} }
@String { pdpar    = {Pragmatics of Decision Procedures in Automated Reasoning 
 (PDPAR)} }
@String { pxtp     = {Workshop on Proof eXchange for Theorem Proving (PxTP)} }
@String { rta      = {Rewriting Techniques and Applications (RTA)} }
@String { sigplan  = {ACM SIG{\-}PLAN Notices} }
@String { smt      = {International Workshop on Satisfiability Modulo Theories (SMT)} }
@String { springer = {Springer} }
@String { tacas    = {Tools and Algorithms for Construction and Analysis of
 Systems (TACAS)} }
@String { tcs      = {Theoretical Computer Science} }
@String { vmcai    = {{Verification, Model Checking, and Abstract Interpretation}(VMCAI)} }

@InCollection{Barrett14,
  Title                    = {Satisfiability Modulo Theories},
  Author                   = {Clark Barrett and Roberto Sebastiani and Sanjit A.
 Seshia and Cesare Tinelli},
  Booktitle                = {Handbook of Satisfiability},
  Publisher                = {IOS Press},
  Year                     = {2009},
  Chapter                  = {26},
  Editor                   = {Armin Biere and Marijn J. H. Heule and Hans van Maaren
 and Toby Walsh},
  Month                    = feb,
  Pages                    = {825--885},
  Series                   = {Frontiers in Artificial Intelligence and
 Applications},
  Volume                   = {185},

  ISBN                     = {978-1-58603-929-5},
  ISSN                     = {0922-6389}
}

@InProceedings{Boudou1,
  Title                    = {Skeptik: {A} Proof Compression System},
  Author                   = {Joseph Boudou and
 Andreas Fellner and
 Bruno Woltzenlogel Paleo},
  Booktitle                = ijcar,
  Year                     = {2014},
  Editor                   = {St{\'{e}}phane Demri and
 Deepak Kapur and
 Christoph Weidenbach},
  Pages                    = {374--380},
  Publisher                = {Springer},
  Series                   = lncs,
  Volume                   = {8562}
}

@Article{Dijkstra1959,
  Title                    = {A note on two problems in connexion with graphs},
  Author                   = {Dijkstra, Edsger W},
  Journal                  = {Numerische mathematik},
  Year                     = {1959},
  Number                   = {1},
  Pages                    = {269--271},
  Volume                   = {1},

  File                     = {:literature\\Dijkstra.pdf:PDF},
  Owner                    = {Andreas},
  Publisher                = {Springer},
  Timestamp                = {2014.04.09},
  Url                      = {http://www.springerlink.com/index/uu8608u0u27k7256.pdf}
}

@Article{Downey1,
  Title                    = {Variations on the common subexpressions problem},
  Author                   = {Peter J. Downey and Ravi Sethi and Robert E. Tarjan},
  Journal                  = jacm,
  Year                     = {1980},

  Month                    = oct,
  Number                   = {4},
  Pages                    = {758--771},
  Volume                   = {27},

  Mysubject                = {congruence}
}

@PhdThesis{Fontaine2004,
  Title                    = {Techniques for verification of concurrent systems with invariants},
  Author                   = {Fontaine, Pascal},
  School                   = {PhD thesis, Institut Montefiore, Universit{\'e} de Liege, Belgium},
  Year                     = {2004},

  Owner                    = {Andreas},
  Timestamp                = {2014.04.10}
}

@InProceedings{Fontaine1,
  Title                    = {Using {BDDs} with Combinations of Theories},
  Author                   = {Pascal Fontaine and E. Pascal Gribomont},
  Booktitle                = lpar,
  Year                     = {2002},
  Editor                   = {Matthias Baaz and Andrei Voronkov},
  Pages                    = {190--201},
  Publisher                = {Springer-Verlag},
  Series                   = lncs,
  Volume                   = {2514}
}

@Article{Nelson2,
  Title                    = {Fast Decision Procedures Based on Congruence Closure},
  Author                   = {Greg Nelson and Derek C. Oppen},
  Journal                  = jacm,
  Year                     = {1980},

  Month                    = apr,
  Number                   = {2},
  Pages                    = {356--364},
  Volume                   = {27},

  Mysubject                = {combinations}
}

@InProceedings{Nieuwenhuis9,
  Title                    = {Proof-Producing Congruence Closure},
  Author                   = {Robert Nieuwenhuis and Albert Oliveras},
  Booktitle                = rta,
  Year                     = {2005},
  Editor                   = {J{\"{u}}rgen Giesl},
  Pages                    = {453--468},
  Publisher                = {Springer},
  Series                   = lncs,
  Volume                   = {3467}
}

@InProceedings{Nieuwenhuis3,
  Title                    = {Union-Find and Congruence Closure Algorithms that Produce Proofs},
  Author                   = {Robert Nieuwenhuis and Albert Oliveras},
  Booktitle                = pdpar,
  Year                     = {2004},
  Editor                   = {Cesare Tinelli and Silvio Ranise}
}

@Article{Nieuwenhuis6,
  Title                    = {Fast congruence closure and extensions},
  Author                   = {Robert Nieuwenhuis and Albert Oliveras},
  Journal                  = {Information and Computation},
  Year                     = {2007},
  Number                   = {4},
  Pages                    = {557--580},
  Volume                   = {205},

  Address                  = {Duluth, MN, USA},
  Publisher                = {Academic Press, Inc.}
}

@Article{Nieuwenhuis8,
  Title                    = {Solving {SAT} and {SAT} Modulo Theories: From an
 abstract Davis--Putnam--Logemann--Loveland procedure to
 {DPLL}({T})},
  Author                   = {Robert Nieuwenhuis and Albert Oliveras and Cesare
 Tinelli},
  Journal                  = {J. ACM},
  Year                     = {2006},
  Number                   = {6},
  Pages                    = {937--977},
  Volume                   = {53},

  Address                  = {New York, NY, USA},
  Publisher                = {ACM}
}

@Proceedings{Biere3,
  Title                    = {Handbook of Satisfiability},
  Year                     = {2009},
  Editor                   = {Armin Biere and Marijn Heule and Hans van Maaren and
 Toby Walsh},
  Publisher                = {IOS Press},
  Series                   = {Frontiers in Artificial Intelligence and
 Applications},
  Volume                   = {185},

  Booktitle                = {Handbook of Satisfiability}
}

