@inproceedings{bonacina2017automated,
  author    = {Maria Paola Bonacina},
  title     = {Automated Reasoning for Explainable Artificial Intelligence},
  booktitle = {{ARCADE} 2017, 1st International Workshop on Automated Reasoning:
               Challenges, Applications, Directions, Exemplary Achievements, Gothenburg,
               Sweden, 6th August 2017},
  pages     = {24--28},
  year      = {2017},
  crossref  = {DBLP:conf/cade/2017arcade},
  url       = {https://easychair.org/publications/paper/HtJp},
  timestamp = {Wed, 27 May 2020 16:02:35 +0200},
  biburl    = {https://dblp.org/rec/conf/cade/Bonacina17.bib},
  bibsource = {dblp computer science bibliography, https://dblp.org}
}

@proceedings{DBLP:conf/cade/2017arcade,
  editor    = {Giles Reger and
               Dmitriy Traytel},
  title     = {{ARCADE} 2017, 1st International Workshop on Automated Reasoning:
               Challenges, Applications, Directions, Exemplary Achievements, Gothenburg,
               Sweden, 6th August 2017},
  series    = {EPiC Series in Computing},
  volume    = {51},
  publisher = {EasyChair},
  year      = {2017},
  url       = {https://easychair.org/publications/volume/ARCADE\_2017},
  timestamp = {Wed, 27 May 2020 16:02:02 +0200},
  biburl    = {https://dblp.org/rec/conf/cade/2017arcade.bib},
  bibsource = {dblp computer science bibliography, https://dblp.org}
}

@article{miller2019explanation,
  author    = {Tim Miller},
  title     = {Explanation in artificial intelligence: Insights from the social sciences},
  journal   = {Artif. Intell.},
  volume    = {267},
  pages     = {1--38},
  year      = {2019},
  url       = {https://doi.org/10.1016/j.artint.2018.07.007},
  doi       = {10.1016/j.artint.2018.07.007},
  timestamp = {Wed, 09 Jan 2019 15:42:37 +0100},
  biburl    = {https://dblp.org/rec/journals/ai/Miller19.bib},
  bibsource = {dblp computer science bibliography, https://dblp.org}
}

@inproceedings{siebert2019corg,
  author    = {Sophie Siebert and
               Frieder Stolzenburg},
  title     = {CoRg: Commonsense Reasoning Using a Theorem Prover and Machine Learning},
  booktitle = {Selected Student Contributions and Workshop Papers of LuxLogAI 2018},
  pages     = {20--26},
  year      = {2018},
  crossref  = {DBLP:conf/ruleml/2018sp},
  url       = {http://www.easychair.org/publications/paper/hDX6},
  timestamp = {Tue, 11 Jun 2019 16:02:51 +0200},
  biburl    = {https://dblp.org/rec/conf/ruleml/SiebertS18.bib},
  bibsource = {dblp computer science bibliography, https://dblp.org}
}

@proceedings{DBLP:conf/ruleml/2018sp,
  editor    = {Christoph Benzm{\"{u}}ller and
               Xavier Parent and
               Alexander Steen},
  title     = {Selected Student Contributions and Workshop Papers of LuxLogAI 2018},
  series    = {Kalpa Publications in Computing},
  volume    = {10},
  publisher = {EasyChair},
  year      = {2019},
  url       = {http://www.easychair.org/publications/volume/LuxLogAI\_2018},
  timestamp = {Tue, 11 Jun 2019 16:02:51 +0200},
  biburl    = {https://dblp.org/rec/conf/ruleml/2018sp.bib},
  bibsource = {dblp computer science bibliography, https://dblp.org}
}

@article{Vampire,
  author    = {Alexandre Riazanov and
               Andrei Voronkov},
  title     = {The design and implementation of {VAMPIRE}},
  journal   = {{AI} Communications},
  volume    = {15},
  number    = {2-3},
  pages     = {91--110},
  year      = {2002},
  url       = {http://content.iospress.com/articles/ai-communications/aic259},
  timestamp = {Fri, 15 May 2015 14:59:58 +0200},
  biburl    = {https://dblp.org/rec/journals/aicom/RiazanovV02.bib},
  bibsource = {dblp computer science bibliography, https://dblp.org}
}

@inproceedings{EProver,
  author    = {Stephan Schulz},
  title     = {System Description: {E} 1.8},
  booktitle = {Logic for Programming, Artificial Intelligence, and Reasoning - 19th
               International Conference, LPAR-19, Stellenbosch, South Africa, December
               14-19, 2013. Proceedings},
  pages     = {735--743},
  year      = {2013},
  crossref  = {DBLP:conf/lpar/2013},
  url       = {https://doi.org/10.1007/978-3-642-45221-5\_49},
  doi       = {10.1007/978-3-642-45221-5\_49},
  timestamp = {Tue, 14 May 2019 10:00:55 +0200},
  biburl    = {https://dblp.org/rec/conf/lpar/Schulz13.bib},
  bibsource = {dblp computer science bibliography, https://dblp.org}
}

@proceedings{DBLP:conf/lpar/2013,
  editor    = {Kenneth L. McMillan and
               Aart Middeldorp and
               Andrei Voronkov},
  title     = {Logic for Programming, Artificial Intelligence, and Reasoning - 19th
               International Conference, LPAR-19, Stellenbosch, South Africa, December
               14-19, 2013. Proceedings},
  series    = {Lecture Notes in Computer Science},
  volume    = {8312},
  publisher = {Springer},
  year      = {2013},
  url       = {https://doi.org/10.1007/978-3-642-45221-5},
  doi       = {10.1007/978-3-642-45221-5},
  isbn      = {978-3-642-45220-8},
  timestamp = {Tue, 14 May 2019 10:00:55 +0200},
  biburl    = {https://dblp.org/rec/conf/lpar/2013.bib},
  bibsource = {dblp computer science bibliography, https://dblp.org}
}

@inproceedings{spassT,
  author    = {Virgile Prevosto and
               Uwe Waldmann},
  title     = {{SPASS+T}},
  booktitle = {ESCoR: Empirically Successful Computerized Reasoning},
  year      = {2006},
  pages     = {18-33},
  crossref  = {Jo:conf/escor/2006}
}

@proceedings{Jo:conf/escor/2006,
  editor    = {Geoff Sutcliffe and
               Renate Schmidt
               and Stephan Schulz},
  title     = {ESCoR: Empirically Successful Computerized Reasoning},
  booktitle = {ESCoR: Empirically Successful Computerized Reasoning},
  series    = {CEUR Workshop Proceedings},
  year      = {2006}
}

@inproceedings{SPASS,
  author    = {Christoph Weidenbach and
               Dilyana Dimova and
               Arnaud Fietzke and
               Rohit Kumar and
               Martin Suda and
               Patrick Wischnewski},
  title     = {{SPASS} Version 3.5},
  booktitle = {Automated Deduction - CADE-22, 22nd International Conference on Automated
               Deduction, Montreal, Canada, August 2-7, 2009. Proceedings},
  pages     = {140--145},
  year      = {2009},
  crossref  = {DBLP:conf/cade/2009},
  url       = {https://doi.org/10.1007/978-3-642-02959-2\_10},
  doi       = {10.1007/978-3-642-02959-2\_10},
  timestamp = {Tue, 14 May 2019 10:00:39 +0200},
  biburl    = {https://dblp.org/rec/conf/cade/WeidenbachDFKSW09.bib},
  bibsource = {dblp computer science bibliography, https://dblp.org}
}
@proceedings{DBLP:conf/cade/2009,
  editor    = {Renate A. Schmidt},
  title     = {Automated Deduction - CADE-22, 22nd International Conference on Automated
               Deduction, Montreal, Canada, August 2-7, 2009. Proceedings},
  series    = {Lecture Notes in Computer Science},
  volume    = {5663},
  publisher = {Springer},
  year      = {2009},
  url       = {https://doi.org/10.1007/978-3-642-02959-2},
  doi       = {10.1007/978-3-642-02959-2},
  isbn      = {978-3-642-02958-5},
  timestamp = {Tue, 14 May 2019 10:00:39 +0200},
  biburl    = {https://dblp.org/rec/conf/cade/2009.bib},
  bibsource = {dblp computer science bibliography, https://dblp.org}
}

@article{Hilbert24Problem,
  author    = {R{\"{u}}dger Thiele},
  title     = {Hilbert's Twenty-Fourth Problem},
  journal   = {The American Mathematical Monthly},
  volume    = {110},
  number    = {1},
  pages     = {1--24},
  year      = {2003},
  url       = {http://www.jstor.org/stable/3072340},
  timestamp = {Mon, 18 Mar 2013 15:33:02 +0100},
  biburl    = {https://dblp.org/rec/journals/tamm/Thiele03.bib},
  bibsource = {dblp computer science bibliography, https://dblp.org}
}

@mastersthesis{B10,
  Author = {Woltzenlogel Paleo, Bruno},
  Keywords = {Bruno,S},
  Month = {07},
  type = {{M.Sc.} thesis},
  School = {Technische Universit\"{a}t Dresden, Dresden, Germany; Technische Universit\"{a}t Wien, Wien, Austria},
  Title = {Herbrand Sequent Extraction},
  Year = {2007}
}
  
@inproceedings{B16,
  author    = {Stefan Hetzl and
               Alexander Leitsch and
               Daniel Weller and
               Bruno Woltzenlogel Paleo},
  title     = {Herbrand Sequent Extraction},
  booktitle = {Intelligent Computer Mathematics, 9th International Conference, {AISC}
               2008, 15th Symposium, Calculemus 2008, 7th International Conference,
               {MKM} 2008, Birmingham, UK, July 28 - August 1, 2008. Proceedings},
  pages     = {462--477},
  year      = {2008},
  crossref  = {DBLP:conf/aisc/2008},
  url       = {https://doi.org/10.1007/978-3-540-85110-3\_38},
  doi       = {10.1007/978-3-540-85110-3\_38},
  timestamp = {Tue, 14 May 2019 10:00:52 +0200},
  biburl    = {https://dblp.org/rec/conf/aisc/HetzlLWP08.bib},
  bibsource = {dblp computer science bibliography, https://dblp.org}
}

@proceedings{DBLP:conf/aisc/2008,
  editor    = {Serge Autexier and
               John A. Campbell and
               Julio Rubio and
               Volker Sorge and
               Masakazu Suzuki and
               Freek Wiedijk},
  title     = {Intelligent Computer Mathematics, 9th International Conference, {AISC}
               2008, 15th Symposium, Calculemus 2008, 7th International Conference,
               {MKM} 2008, Birmingham, UK, July 28 - August 1, 2008. Proceedings},
  series    = {Lecture Notes in Computer Science},
  volume    = {5144},
  publisher = {Springer},
  year      = {2008},
  url       = {https://doi.org/10.1007/978-3-540-85110-3},
  doi       = {10.1007/978-3-540-85110-3},
  isbn      = {978-3-540-85109-7},
  timestamp = {Tue, 14 May 2019 10:00:52 +0200},
  biburl    = {https://dblp.org/rec/conf/aisc/2008.bib},
  bibsource = {dblp computer science bibliography, https://dblp.org}
}

@incollection{SchulzAPPA, 
  author = {Stephan Schulz and Geoff Sutcliffe}, 
  title = {Proof Generation for Saturating First-Order Theorem Provers},  
  year = {2015}, 
  booktitle = {All about Proofs, Proofs for All}, 
  editor = {Delahaye, David and Woltzenlogel Paleo, Bruno}, 
  publisher = {College Publications}, 
  address = {London, UK}, 
  series = {Mathematical Logic and Foundations}, 
  volume = {55}, 
  isbn = {978-1-84890-166-7}, 
} 

@inproceedings{ResolutionHerbrand,
  author    = {Stefan Hetzl and
               Tomer Libal and
               Martin Riener and
               Mikheil Rukhaia},
  title     = {Understanding Resolution Proofs through Herbrand's Theorem},
  booktitle = {Automated Reasoning with Analytic Tableaux and Related Methods - 22th
               International Conference, {TABLEAUX} 2013, Nancy, France, September
               16-19, 2013. Proceedings},
  pages     = {157--171},
  year      = {2013},
  crossref  = {DBLP:conf/tableaux/2013},
  url       = {https://doi.org/10.1007/978-3-642-40537-2\_15},
  doi       = {10.1007/978-3-642-40537-2\_15},
  timestamp = {Sat, 19 Oct 2019 20:06:19 +0200},
  biburl    = {https://dblp.org/rec/conf/tableaux/HetzlLRR13.bib},
  bibsource = {dblp computer science bibliography, https://dblp.org}
}

@proceedings{DBLP:conf/tableaux/2013,
  editor    = {Didier Galmiche and
               Dominique Larchey{-}Wendling},
  title     = {Automated Reasoning with Analytic Tableaux and Related Methods - 22th
               International Conference, {TABLEAUX} 2013, Nancy, France, September
               16-19, 2013. Proceedings},
  series    = {Lecture Notes in Computer Science},
  volume    = {8123},
  publisher = {Springer},
  year      = {2013},
  url       = {https://doi.org/10.1007/978-3-642-40537-2},
  doi       = {10.1007/978-3-642-40537-2},
  isbn      = {978-3-642-40536-5},
  timestamp = {Mon, 16 Sep 2019 15:24:38 +0200},
  biburl    = {https://dblp.org/rec/conf/tableaux/2013.bib},
  bibsource = {dblp computer science bibliography, https://dblp.org}
}

@inproceedings{Reis,
  author    = {Giselle Reis},
  title     = {Importing {SMT} and Connection proofs as expansion trees},
  booktitle = {Proceedings Fourth Workshop on Proof eXchange for Theorem Proving,
               PxTP 2015, Berlin, Germany, August 2-3, 2015},
  pages     = {3--10},
  year      = {2015},
  crossref  = {DBLP:journals/corr/KaliszykP15},
  url       = {https://doi.org/10.4204/EPTCS.186.3},
  doi       = {10.4204/EPTCS.186.3},
  timestamp = {Wed, 12 Sep 2018 01:05:15 +0200},
  biburl    = {https://dblp.org/rec/journals/corr/Reis15.bib},
  bibsource = {dblp computer science bibliography, https://dblp.org}
}
@proceedings{DBLP:journals/corr/KaliszykP15,
  editor    = {Cezary Kaliszyk and
               Andrei Paskevich},
  title     = {Proceedings Fourth Workshop on Proof eXchange for Theorem Proving,
               PxTP 2015, Berlin, Germany, August 2-3, 2015},
  series    = {{EPTCS}},
  volume    = {186},
  year      = {2015},
  url       = {https://doi.org/10.4204/EPTCS.186},
  doi       = {10.4204/EPTCS.186},
  timestamp = {Wed, 12 Sep 2018 01:05:12 +0200},
  biburl    = {https://dblp.org/rec/journals/corr/KaliszykP15.bib},
  bibsource = {dblp computer science bibliography, https://dblp.org}
}

@inproceedings{clausal,
  author    = {Marijn Heule and
               Armin Biere},
  title     = {Clausal Proof Compression},
  booktitle = {IWIL@LPAR 2015, 11th International Workshop on the Implementation
               of Logics, Suva, Fiji, November 23, 2015},
  pages     = {21--26},
  year      = {2015},
  crossref  = {DBLP:conf/lpar/2015iwil},
  url       = {https://easychair.org/publications/paper/fgBF},
  timestamp = {Wed, 27 May 2020 16:02:35 +0200},
  biburl    = {https://dblp.org/rec/conf/lpar/HeuleB15a.bib},
  bibsource = {dblp computer science bibliography, https://dblp.org}
}

@proceedings{DBLP:conf/lpar/2015iwil,
  editor    = {Boris Konev and
               Stephan Schulz and
               Laurent Simon},
  title     = {IWIL@LPAR 2015, 11th International Workshop on the Implementation
               of Logics, Suva, Fiji, November 23, 2015},
  series    = {EPiC Series in Computing},
  volume    = {40},
  publisher = {EasyChair},
  year      = {2016},
  url       = {https://easychair.org/publications/volume/IWIL-2015},
  timestamp = {Wed, 27 May 2020 16:02:02 +0200},
  biburl    = {https://dblp.org/rec/conf/lpar/2015iwil.bib},
  bibsource = {dblp computer science bibliography, https://dblp.org}
}

@inproceedings{Sinz,
  author    = {Carsten Sinz},
  title     = {Compressing Propositional Proofs by Common Subproof Extraction},
  booktitle = {Computer Aided Systems Theory - {EUROCAST} 2007, 11th International
               Conference on Computer Aided Systems Theory, Las Palmas de Gran Canaria,
               Spain, February 12-16, 2007, Revised Selected Papers},
  pages     = {547--555},
  year      = {2007},
  crossref  = {DBLP:conf/eurocast/2007},
  url       = {https://doi.org/10.1007/978-3-540-75867-9\_69},
  doi       = {10.1007/978-3-540-75867-9\_69},
  timestamp = {Tue, 14 May 2019 10:00:54 +0200},
  biburl    = {https://dblp.org/rec/conf/eurocast/Sinz07.bib},
  bibsource = {dblp computer science bibliography, https://dblp.org}
}

@proceedings{DBLP:conf/eurocast/2007,
  editor    = {Roberto Moreno{-}D{\'{\i}}az and
               Franz Pichler and
               Alexis Quesada{-}Arencibia},
  title     = {Computer Aided Systems Theory - {EUROCAST} 2007, 11th International
               Conference on Computer Aided Systems Theory, Las Palmas de Gran Canaria,
               Spain, February 12-16, 2007, Revised Selected Papers},
  series    = {Lecture Notes in Computer Science},
  volume    = {4739},
  publisher = {Springer},
  year      = {2007},
  url       = {https://doi.org/10.1007/978-3-540-75867-9},
  doi       = {10.1007/978-3-540-75867-9},
  isbn      = {978-3-540-75866-2},
  timestamp = {Tue, 14 May 2019 10:00:54 +0200},
  biburl    = {https://dblp.org/rec/conf/eurocast/2007.bib},
  bibsource = {dblp computer science bibliography, https://dblp.org}
}

@inproceedings{CottonSplit,
  author    = {Scott Cotton},
  title     = {Two Techniques for Minimizing Resolution Proofs},
  booktitle = {Theory and Applications of Satisfiability Testing - {SAT} 2010, 13th
               International Conference, {SAT} 2010, Edinburgh, UK, July 11-14, 2010.
               Proceedings},
  pages     = {306--312},
  year      = {2010},
  crossref  = {DBLP:conf/sat/2010},
  url       = {https://doi.org/10.1007/978-3-642-14186-7\_26},
  doi       = {10.1007/978-3-642-14186-7\_26},
  timestamp = {Sat, 19 Oct 2019 20:28:15 +0200},
  biburl    = {https://dblp.org/rec/conf/sat/Cotton10.bib},
  bibsource = {dblp computer science bibliography, https://dblp.org}
}

@proceedings{DBLP:conf/sat/2010,
  editor    = {Ofer Strichman and
               Stefan Szeider},
  title     = {Theory and Applications of Satisfiability Testing - {SAT} 2010, 13th
               International Conference, {SAT} 2010, Edinburgh, UK, July 11-14, 2010.
               Proceedings},
  series    = {Lecture Notes in Computer Science},
  volume    = {6175},
  publisher = {Springer},
  year      = {2010},
  url       = {https://doi.org/10.1007/978-3-642-14186-7},
  doi       = {10.1007/978-3-642-14186-7},
  isbn      = {978-3-642-14185-0},
  timestamp = {Sat, 19 Oct 2019 20:28:15 +0200},
  biburl    = {https://dblp.org/rec/conf/sat/2010.bib},
  bibsource = {dblp computer science bibliography, https://dblp.org}
}

@inproceedings{RedRec,
  author    = {Simone Rollini and
               Roberto Bruttomesso and
               Natasha Sharygina},
  title     = {An Efficient and Flexible Approach to Resolution Proof Reduction},
  booktitle = {Hardware and Software: Verification and Testing - 6th International
               Haifa Verification Conference, {HVC} 2010, Haifa, Israel, October
               4-7, 2010. Revised Selected Papers},
  pages     = {182--196},
  year      = {2010},
  crossref  = {DBLP:conf/hvc/2010},
  url       = {https://doi.org/10.1007/978-3-642-19583-9\_17},
  doi       = {10.1007/978-3-642-19583-9\_17},
  timestamp = {Tue, 14 May 2019 10:00:42 +0200},
  biburl    = {https://dblp.org/rec/conf/hvc/RolliniBS10.bib},
  bibsource = {dblp computer science bibliography, https://dblp.org}
}

@proceedings{DBLP:conf/hvc/2010,
  editor    = {Sharon Barner and
               Ian G. Harris and
               Daniel Kroening and
               Orna Raz},
  title     = {Hardware and Software: Verification and Testing - 6th International
               Haifa Verification Conference, {HVC} 2010, Haifa, Israel, October
               4-7, 2010. Revised Selected Papers},
  series    = {Lecture Notes in Computer Science},
  volume    = {6504},
  publisher = {Springer},
  year      = {2011},
  url       = {https://doi.org/10.1007/978-3-642-19583-9},
  doi       = {10.1007/978-3-642-19583-9},
  isbn      = {978-3-642-19582-2},
  timestamp = {Tue, 14 May 2019 10:00:42 +0200},
  biburl    = {https://dblp.org/rec/conf/hvc/2010.bib},
  bibsource = {dblp computer science bibliography, https://dblp.org}
}

@inproceedings{BrunoLPAR,
  author    = {Bruno Woltzenlogel Paleo},
  title     = {Atomic Cut Introduction by Resolution: Proof Structuring and Compression},
  booktitle = {Logic for Programming, Artificial Intelligence, and Reasoning - 16th
               International Conference, LPAR-16, Dakar, Senegal, April 25-May 1,
               2010, Revised Selected Papers},
  pages     = {463--480},
  year      = {2010},
  crossref  = {DBLP:conf/lpar/2010d},
  url       = {https://doi.org/10.1007/978-3-642-17511-4\_26},
  doi       = {10.1007/978-3-642-17511-4\_26},
  timestamp = {Tue, 14 May 2019 10:00:55 +0200},
  biburl    = {https://dblp.org/rec/conf/lpar/Paleo10.bib},
  bibsource = {dblp computer science bibliography, https://dblp.org}
}

@proceedings{DBLP:conf/lpar/2010d,
  editor    = {Edmund M. Clarke and
               Andrei Voronkov},
  title     = {Logic for Programming, Artificial Intelligence, and Reasoning - 16th
               International Conference, LPAR-16, Dakar, Senegal, April 25-May 1,
               2010, Revised Selected Papers},
  series    = {Lecture Notes in Computer Science},
  volume    = {6355},
  publisher = {Springer},
  year      = {2010},
  url       = {https://doi.org/10.1007/978-3-642-17511-4},
  doi       = {10.1007/978-3-642-17511-4},
  isbn      = {978-3-642-17510-7},
  timestamp = {Tue, 14 May 2019 10:00:55 +0200},
  biburl    = {https://dblp.org/rec/conf/lpar/2010d.bib},
  bibsource = {dblp computer science bibliography, https://dblp.org}
}

@article{Hetzl,
  author    = {Stefan Hetzl and
               Alexander Leitsch and
               Giselle Reis and
               Daniel Weller},
  title     = {Algorithmic introduction of quantified cuts},
  journal   = {Theoretical Computer Science},
  volume    = {549},
  pages     = {1--16},
  year      = {2014},
  url       = {https://doi.org/10.1016/j.tcs.2014.05.018},
  doi       = {10.1016/j.tcs.2014.05.018},
  timestamp = {Sun, 28 May 2017 13:20:06 +0200},
  biburl    = {https://dblp.org/rec/journals/tcs/HetzlLRW14.bib},
  bibsource = {dblp computer science bibliography, https://dblp.org}
}

@article{TPTP,
  author    = {Geoff Sutcliffe},
  title     = {The {TPTP} Problem Library and Associated Infrastructure},
  journal   = {Journal of Automated Reasoning},
  volume    = {43},
  number    = {4},
  pages     = {337--362},
  year      = {2009},
  url       = {https://doi.org/10.1007/s10817-009-9143-8},
  doi       = {10.1007/s10817-009-9143-8},
  timestamp = {Sat, 20 May 2017 00:22:32 +0200},
  biburl    = {https://dblp.org/rec/journals/jar/Sutcliffe09.bib},
  bibsource = {dblp computer science bibliography, https://dblp.org}
}

@inproceedings{LPARCzech,
  author    = {Jir{\'{\i}} Vyskocil and
               David Stanovsk{\'{y}} and
               Josef Urban},
  title     = {Automated Proof Compression by Invention of New Definitions},
  booktitle = {Logic for Programming, Artificial Intelligence, and Reasoning - 16th
               International Conference, LPAR-16, Dakar, Senegal, April 25-May 1,
               2010, Revised Selected Papers},
  pages     = {447--462},
  year      = {2010},
  crossref  = {DBLP:conf/lpar/2010d},
  url       = {https://doi.org/10.1007/978-3-642-17511-4\_25},
  doi       = {10.1007/978-3-642-17511-4\_25},
  timestamp = {Tue, 14 May 2019 10:00:55 +0200},
  biburl    = {https://dblp.org/rec/conf/lpar/VyskocilSU10.bib},
  bibsource = {dblp computer science bibliography, https://dblp.org}
}

@inproceedings{LURPI,
  author    = {Pascal Fontaine and
               Stephan Merz and
               Bruno Woltzenlogel Paleo},
  title     = {Compression of Propositional Resolution Proofs via Partial Regularization},
  booktitle = {Automated Deduction - {CADE-23} - 23rd International Conference on
               Automated Deduction, Wroclaw, Poland, July 31 - August 5, 2011. Proceedings},
  pages     = {237--251},
  year      = {2011},
  crossref  = {DBLP:conf/cade/2011},
  url       = {https://doi.org/10.1007/978-3-642-22438-6\_19},
  doi       = {10.1007/978-3-642-22438-6\_19},
  timestamp = {Tue, 14 May 2019 10:00:39 +0200},
  biburl    = {https://dblp.org/rec/conf/cade/FontaineMP11.bib},
  bibsource = {dblp computer science bibliography, https://dblp.org}
}

@proceedings{DBLP:conf/cade/2011,
  editor    = {Nikolaj Bj{\o}rner and
               Viorica Sofronie{-}Stokkermans},
  title     = {Automated Deduction - {CADE-23} - 23rd International Conference on
               Automated Deduction, Wroclaw, Poland, July 31 - August 5, 2011. Proceedings},
  series    = {Lecture Notes in Computer Science},
  volume    = {6803},
  publisher = {Springer},
  year      = {2011},
  url       = {https://doi.org/10.1007/978-3-642-22438-6},
  doi       = {10.1007/978-3-642-22438-6},
  isbn      = {978-3-642-22437-9},
  timestamp = {Tue, 14 May 2019 10:00:39 +0200},
  biburl    = {https://dblp.org/rec/conf/cade/2011.bib},
  bibsource = {dblp computer science bibliography, https://dblp.org}
}

@inproceedings{GFOLU,
  author    = {Jan Gorzny and
               Bruno Woltzenlogel Paleo},
  title     = {Towards the Compression of First-Order Resolution Proofs by Lowering
               Unit Clauses},
  booktitle = {Automated Deduction - {CADE-25} - 25th International Conference on
               Automated Deduction, Berlin, Germany, August 1-7, 2015, Proceedings},
  pages     = {356--366},
  year      = {2015},
  crossref  = {DBLP:conf/cade/2015},
  url       = {https://doi.org/10.1007/978-3-319-21401-6\_24},
  doi       = {10.1007/978-3-319-21401-6\_24},
  timestamp = {Tue, 14 May 2019 10:00:39 +0200},
  biburl    = {https://dblp.org/rec/conf/cade/GorznyP15.bib},
  bibsource = {dblp computer science bibliography, https://dblp.org}
}

@proceedings{DBLP:conf/cade/2015,
  editor    = {Amy P. Felty and
               Aart Middeldorp},
  title     = {Automated Deduction - {CADE-25} - 25th International Conference on
               Automated Deduction, Berlin, Germany, August 1-7, 2015, Proceedings},
  series    = {Lecture Notes in Computer Science},
  volume    = {9195},
  publisher = {Springer},
  year      = {2015},
  url       = {https://doi.org/10.1007/978-3-319-21401-6},
  doi       = {10.1007/978-3-319-21401-6},
  isbn      = {978-3-319-21400-9},
  timestamp = {Tue, 14 May 2019 10:00:39 +0200},
  biburl    = {https://dblp.org/rec/conf/cade/2015.bib},
  bibsource = {dblp computer science bibliography, https://dblp.org}
}

@incollection{WeidenbachSplitting,
  author    = {Christoph Weidenbach},
  title     = {Combining Superposition, Sorts and Splitting},
  booktitle = {Handbook of Automated Reasoning (in 2 volumes)},
  pages     = {1965--2013},
  year      = {2001},
  crossref  = {DBLP:books/el/RobinsonV01},
  url       = {https://doi.org/10.1016/b978-044450813-3/50029-1},
  doi       = {10.1016/b978-044450813-3/50029-1},
  timestamp = {Thu, 25 Jul 2019 12:26:00 +0200},
  biburl    = {https://dblp.org/rec/books/el/RV01/Weidenbach01.bib},
  bibsource = {dblp computer science bibliography, https://dblp.org}
}

@article{UnitResultingResolution,
  author = {Ross Overbeek and John McCharen and Larry Wos}, 
  title = {Complexity and Related Enhancements for Automated Theorem-Proving Programs},
  journal = {Computers and Mathematics with Applications},
  volume = {2},
  year = {1976}, 
  pages = {1--16}
}

@article{robinson1965automatic,
  title={Automatic deduction with hyper-resolution},
  author={Robinson, J. A.},
  journal={International Journal of Computing and Mathematics},
  volume={1},
  pages={227--234},
  year={1965}
}

@article{HyperResolution,
  title = "An implementation of hyper-resolution ",
  journal = "Computers \& Mathematics with Applications ",
  volume = "1",
  number = "2",
  pages = "201 - 214",
  year = "1975",
  note = "",
  issn = "0898-1221",
  doi = "http://dx.doi.org/10.1016/0898-1221(75)90019-X",
  url = "http://www.sciencedirect.com/science/article/pii/089812217590019X",
  author = "Ross A. Overbeek"
}

@unpublished{prover9-mace4,
    author = "William McCune",
    title = "{Prover9} and {Mace4}",
    url = "http://www.cs.unm.edu/~mccune/prover9/",
    note = "http://www.cs.unm.edu/~mccune/prover9/",
    year = "2005--2010"
}

@inproceedings{bwp10,
    hal_id = {inria-00544658},
    title = {Exploring and Exploiting Algebraic and Graphical Properties of Resolution},
    author = {Fontaine, Pascal and Merz, Stephan and Woltzenlogel Paleo, Bruno},
    language = {Anglais},
    affiliation = {VERIDIS - INRIA Nancy - Grand Est / LORIA},
    booktitle = {{8th International Workshop on SAT Modulo Theories Workshop (SMT)}},
    audience = {internationale },
    year = {2010},
    pdf = {http://hal.inria.fr/inria-00544658/PDF/AlgebraicPropertiesOfResolution.pdf},
}

@book{DBLP:books/el/RobinsonV01,
  editor    = {John Alan Robinson and
               Andrei Voronkov},
  title     = {Handbook of Automated Reasoning (in 2 volumes)},
  publisher = {Elsevier and {MIT} Press},
  year      = {2001},
  url       = {https://www.sciencedirect.com/book/9780444508133/handbook-of-automated-reasoning},
  isbn      = {0-444-50813-9},
  timestamp = {Thu, 25 Jul 2019 12:26:00 +0200},
  biburl    = {https://dblp.org/rec/books/el/RobinsonV01.bib},
  bibsource = {dblp computer science bibliography, https://dblp.org}
}

@inproceedings{Boudou,
  author    = {Joseph Boudou and
               Bruno Woltzenlogel Paleo},
  title     = {Compression of Propositional Resolution Proofs by Lowering Subproofs},
  booktitle = {Automated Reasoning with Analytic Tableaux and Related Methods - 22th
               International Conference, {TABLEAUX} 2013, Nancy, France, September
               16-19, 2013. Proceedings},
  pages     = {59--73},
  year      = {2013},
  crossref  = {DBLP:conf/tableaux/2013},
  url       = {https://doi.org/10.1007/978-3-642-40537-2\_7},
  doi       = {10.1007/978-3-642-40537-2\_7},
  timestamp = {Mon, 16 Sep 2019 15:24:38 +0200},
  biburl    = {https://dblp.org/rec/conf/tableaux/BoudouP13.bib},
  bibsource = {dblp computer science bibliography, https://dblp.org}
}

@phdthesis{cruanes2015extending,
  title={Extending superposition with integer arithmetic, structural induction, and beyond},
  author={Cruanes, Simon},
  year={2015},
  school={{\'E}cole {P}olytechnique}
}

@inproceedings{heule2016solving,
  author    = {Marijn J. H. Heule and
               Oliver Kullmann and
               Victor W. Marek},
  title     = {Solving and Verifying the Boolean Pythagorean Triples Problem via
               Cube-and-Conquer},
  booktitle = {Theory and Applications of Satisfiability Testing - {SAT} 2016 - 19th
               International Conference, Bordeaux, France, July 5-8, 2016, Proceedings},
  pages     = {228--245},
  year      = {2016},
  crossref  = {DBLP:conf/sat/2016},
  url       = {https://doi.org/10.1007/978-3-319-40970-2\_15},
  doi       = {10.1007/978-3-319-40970-2\_15},
  timestamp = {Tue, 14 May 2019 10:00:41 +0200},
  biburl    = {https://dblp.org/rec/conf/sat/HeuleKM16.bib},
  bibsource = {dblp computer science bibliography, https://dblp.org}
}

@proceedings{DBLP:conf/sat/2016,
  editor    = {Nadia Creignou and
               Daniel Le Berre},
  title     = {Theory and Applications of Satisfiability Testing - {SAT} 2016 - 19th
               International Conference, Bordeaux, France, July 5-8, 2016, Proceedings},
  series    = {Lecture Notes in Computer Science},
  volume    = {9710},
  publisher = {Springer},
  year      = {2016},
  url       = {https://doi.org/10.1007/978-3-319-40970-2},
  doi       = {10.1007/978-3-319-40970-2},
  isbn      = {978-3-319-40969-6},
  timestamp = {Tue, 14 May 2019 10:00:41 +0200},
  biburl    = {https://dblp.org/rec/conf/sat/2016.bib},
  bibsource = {dblp computer science bibliography, https://dblp.org}
}

@inproceedings{Beagle,
  author    = {Peter Baumgartner and
               Joshua Bax and
               Uwe Waldmann},
  title     = {Beagle - {A} Hierarchic Superposition Theorem Prover},
  booktitle = {Automated Deduction - {CADE-25} - 25th International Conference on
               Automated Deduction, Berlin, Germany, August 1-7, 2015, Proceedings},
  pages     = {367--377},
  year      = {2015},
  crossref  = {DBLP:conf/cade/2015},
  url       = {https://doi.org/10.1007/978-3-319-21401-6\_25},
  doi       = {10.1007/978-3-319-21401-6\_25},
  timestamp = {Tue, 14 May 2019 10:00:39 +0200},
  biburl    = {https://dblp.org/rec/conf/cade/BaumgartnerBW15.bib},
  bibsource = {dblp computer science bibliography, https://dblp.org}
}

@article{Amjad07,
  author    = {Hasan Amjad},
  title     = {Compressing Propositional Refutations},
  journal   = {Electronic Notes in Theoretical Computer Science},
  volume    = {185},
  pages     = {3--15},
  year      = {2007},
  url       = {https://doi.org/10.1016/j.entcs.2007.05.025},
  doi       = {10.1016/j.entcs.2007.05.025},
  timestamp = {Mon, 24 Feb 2020 11:40:24 +0100},
  biburl    = {https://dblp.org/rec/journals/entcs/Amjad07.bib},
  bibsource = {dblp computer science bibliography, https://dblp.org}
}

@inproceedings{RP08,
  author    = {Omer Bar{-}Ilan and
               Oded Fuhrmann and
               Shlomo Hoory and
               Ohad Shacham and
               Ofer Strichman},
  title     = {Linear-Time Reductions of Resolution Proofs},
  booktitle = {Hardware and Software: Verification and Testing, 4th International
               Haifa Verification Conference, {HVC} 2008, Haifa, Israel, October
               27-30, 2008. Proceedings},
  pages     = {114--128},
  year      = {2008},
  crossref  = {DBLP:conf/hvc/2008},
  url       = {https://doi.org/10.1007/978-3-642-01702-5\_14},
  doi       = {10.1007/978-3-642-01702-5\_14},
  timestamp = {Tue, 14 May 2019 10:00:42 +0200},
  biburl    = {https://dblp.org/rec/conf/hvc/Bar-IlanFHSS08.bib},
  bibsource = {dblp computer science bibliography, https://dblp.org}
}

@proceedings{DBLP:conf/hvc/2008,
  editor    = {Hana Chockler and
               Alan J. Hu},
  title     = {Hardware and Software: Verification and Testing, 4th International
               Haifa Verification Conference, {HVC} 2008, Haifa, Israel, October
               27-30, 2008. Proceedings},
  series    = {Lecture Notes in Computer Science},
  volume    = {5394},
  publisher = {Springer},
  year      = {2009},
  url       = {https://doi.org/10.1007/978-3-642-01702-5},
  doi       = {10.1007/978-3-642-01702-5},
  isbn      = {978-3-642-01701-8},
  timestamp = {Tue, 14 May 2019 10:00:42 +0200},
  biburl    = {https://dblp.org/rec/conf/hvc/2008.bib},
  bibsource = {dblp computer science bibliography, https://dblp.org}
}

@article{RP11,
  author    = {Omer Bar{-}Ilan and
               Oded Fuhrmann and
               Shlomo Hoory and
               Ohad Shacham and
               Ofer Strichman},
  title     = {Reducing the size of resolution proofs in linear time},
  journal   = {International Journal on Software Tools for Technology Transfer},
  volume    = {13},
  number    = {3},
  pages     = {263--272},
  year      = {2011},
  url       = {https://doi.org/10.1007/s10009-010-0167-5},
  doi       = {10.1007/s10009-010-0167-5},
  timestamp = {Thu, 02 Apr 2020 08:37:32 +0200},
  biburl    = {https://dblp.org/rec/journals/sttt/Bar-IlanFHSS11.bib},
  bibsource = {dblp computer science bibliography, https://dblp.org}
}

@incollection{Tseitin,
  Author = {Tseitin, G. S.},
  title     = {On the complexity of derivation in propositional calculus.},
  Booktitle = {Automation of Reasoning: Classical Papers in Computational Logic 1967-1970},
  Editor = {Siekmann, J. and Wrightson, G.},
  Keywords = {Proof Complexity, Proof Theory},
  Publisher = {Springer-Verlag},
  Year = {1983},
  comment = {Originally published 1970},
}

@article{hsiang1991proving,
  author    = {Jieh Hsiang and
               Micha{\"{e}}l Rusinowitch},
  title     = {Proving Refutational Completeness of Theorem-Proving Strategies: The
               Transfinite Semantic Tree Method},
  journal   = {Journal of the {ACM}},
  volume    = {38},
  number    = {3},
  pages     = {559--587},
  year      = {1991},
  url       = {https://doi.org/10.1145/116825.116833},
  doi       = {10.1145/116825.116833},
  timestamp = {Tue, 06 Nov 2018 12:51:46 +0100},
  biburl    = {https://dblp.org/rec/journals/jacm/HsiangR91.bib},
  bibsource = {dblp computer science bibliography, https://dblp.org}
}

@incollection{OrderedRes,
  booktitle = {Towards an Encyclopaedia of Proof Systems},
  editor = {Woltzenlogel Paleo, Bruno},
  title = {Ordered Resolution},
  author    = {Waldmann, U.},
  pages     = {12--12}, 
  publisher = {College Publications}, 
  address = {London, UK},
  url       = {https://github.com/ProofSystem/Encyclopedia/blob/master/main.pdf},
  year      = {2017},
  month = {1},
  edition = {1}
}

@inproceedings{forpigcai,
  author    = {Jan Gorzny and
               Ezequiel Postan and
               Bruno Woltzenlogel Paleo},
  title     = {Partial Regularization of First-Order Resolution Proofs},
  booktitle = {6th Global Conference on Artificial Intelligence, {GCAI} 2020, Hangzhou,
               China, April 6-9, 2020},
  pages     = {34--45},
  year      = {2020},
  crossref  = {DBLP:conf/gcai/2020},
  url       = {https://easychair.org/publications/paper/n62J},
  timestamp = {Wed, 27 May 2020 16:02:35 +0200},
  biburl    = {https://dblp.org/rec/conf/gcai/GorznyPP20.bib},
  bibsource = {dblp computer science bibliography, https://dblp.org}
}

@proceedings{DBLP:conf/gcai/2020,
  editor    = {Gr{\'{e}}goire Danoy and
               Jun Pang and
               Geoff Sutcliffe},
  title     = {6th Global Conference on Artificial Intelligence, {GCAI} 2020, Hangzhou,
               China, April 6-9, 2020},
  series    = {EPiC Series in Computing},
  volume    = {72},
  publisher = {EasyChair},
  year      = {2020},
  url       = {https://easychair.org/publications/volume/GCAI\_2020},
  timestamp = {Wed, 27 May 2020 16:02:02 +0200},
  biburl    = {https://dblp.org/rec/conf/gcai/2020.bib},
  bibsource = {dblp computer science bibliography, https://dblp.org}
}